<?xml version="1.0" encoding="UTF-8"?><collection xmlns="http://www.loc.gov/MARC21/slim"><record><leader>00398nam--2200169-i-4500</leader><controlfield tag="001">000003412</controlfield><controlfield tag="002">20161230</controlfield><controlfield tag="005">20170204182720</controlfield><controlfield tag="008">060222s1000------------r-----000-0-eng-d</controlfield><datafield ind1=" " ind2=" " tag="100"><subfield code="a">Brode, Wallace</subfield></datafield><datafield ind1=" " ind2=" " tag="245"><subfield code="a">Chemical spectroscopy</subfield></datafield><datafield ind1=" " ind2=" " tag="250"><subfield code="a">2-nd edition</subfield></datafield><datafield ind1=" " ind2=" " tag="260"><subfield code="a">New York</subfield><subfield code="b">J.Wiley</subfield><subfield code="c">1949</subfield></datafield><datafield ind1=" " ind2=" " tag="300"><subfield code="a">677 p</subfield></datafield><datafield ind1=" " ind2=" " tag="500"><subfield code="a">(5zh Printing)</subfield></datafield><datafield ind1=" " ind2=" " tag="852"><subfield code="a">681</subfield></datafield><datafield ind1=" " ind2=" " tag="CAT"><subfield code="a">SYS</subfield><subfield code="c">20170204</subfield><subfield code="h">182720</subfield></datafield></record></collection>